@inproceedings{doddington2004automatic,
  title={The automatic content extraction (ace) program-tasks, data, and evaluation.},
  author={Doddington, George R and Mitchell, Alexis and Przybocki, Mark A and Ramshaw, Lance A and Strassel, Stephanie M and Weischedel, Ralph M},
  booktitle={Lrec},
  volume={2},
  number={1},
  pages={837--840},
  year={2004},
  organization={Lisbon}
}

@techreport{sundheim1993tipster,
  title={TIPSTER/MUC-5 information extraction system evaluation},
  author={Sundheim, Beth M},
  year={1993},
  institution={NAVAL COMMAND CONTROL AND OCEAN SURVEILLANCE CENTER RDT AND E DIV SAN DIEGO CA}
}


@article{marcus1993building,
  title={Building a large annotated corpus of English: The Penn Treebank},
  author={Marcus, Mitchell and Santorini, Beatrice and Marcinkiewicz, Mary Ann},
  year={1993}
}
@article{minsky2000commonsense,
  title={Commonsense-based interfaces},
  author={Minsky, Marvin},
  journal={Communications of the ACM},
  volume={43},
  number={8},
  pages={66--73},
  year={2000},
  publisher={ACM New York, NY, USA}
}
@book{Aho:72,
    author  = {Alfred V. Aho and Jeffrey D. Ullman},
    title   = {The Theory of Parsing, Translation and Compiling},
    year    = "1972",
    volume  = "1",
    publisher = {Prentice-Hall},
    address = {Englewood Cliffs, NJ}
}
@article{chen2016enhanced,
  title={Enhanced lstm for natural language inference},
  author={Chen, Qian and Zhu, Xiaodan and Ling, Zhenhua and Wei, Si and Jiang, Hui and Inkpen, Diana},
  journal={arXiv preprint arXiv:1609.06038},
  year={2016}
}
@book{APA:83,
    author  = {{American Psychological Association}},
    title   = {Publications Manual},
    year    = "1983",
   publisher = {American Psychological Association},
   address = {Washington, DC}
}

@article{ACM:83,
	author = {Association for Computing Machinery},
	year = "1983",
	journal = {Computing Reviews},
	volume = "24",
	number = "11",
	pages = "503--512"
}


@article{Chandra:81,
	author = {Ashok K. Chandra and Dexter C. Kozen and Larry J. Stockmeyer},
	year = "1981",
	title = {Alternation},
	journal = {Journal of the Association for Computing Machinery},
	volume = "28",
	number = "1",
	pages = "114--133",
	doi = "10.1145/322234.322243",
}

@inproceedings{andrew2007scalable,
  title={Scalable training of {L1}-regularized log-linear models},
  author={Andrew, Galen and Gao, Jianfeng},
  booktitle={Proceedings of the 24th International Conference on Machine Learning},
  pages={33--40},
  year={2007},
}

@book{Gusfield:97,
    author  = {Dan Gusfield},
    title   = {Algorithms on Strings, Trees and Sequences},
    year    = "1997",
    publisher = {Cambridge University Press},
    address = {Cambridge, UK}
}

@inproceedings{borsch2011,
	Address = {Canberra, Australia},
	Author = {Benjamin Borschinger and Mark Johnson},
	Booktitle = {Proceedings of the Australasian Language Technology Association Workshop 2011},
	Month = {December},
	Pages = {10--18},
	Title = {A Particle Filter algorithm for {B}ayesian Wordsegmentation},
	Year = {2011}}

@article{rasooli-tetrault-2015,
    author    = {Mohammad Sadegh Rasooli and Joel R. Tetreault},
    title     = {Yara Parser: {A} Fast and Accurate Dependency Parser},
    journal   = {Computing Research Repository},
    volume    = {arXiv:1503.06733},
    year      = {2015},
    url       = {http://arxiv.org/abs/1503.06733},
    note    = {version 2}
}

@article{Ando2005,
	Acmid = {1194905},
	Author = {Ando, Rie Kubota and Zhang, Tong},
	Issn = {1532-4435},
	Issue_Date = {12/1/2005},
	Journal = {Journal of Machine Learning Research},
	Month = dec,
	Numpages = {37},
	Pages = {1817--1853},
	Publisher = {JMLR.org},
	Title = {A Framework for Learning Predictive Structures from Multiple Tasks and Unlabeled Data},
	Volume = {6},
	Year = {2005}}

@InProceedings{P16-1001,
  author =	"Goodman, James
  	 and Vlachos, Andreas
	     and Naradowsky, Jason",
  title =    "Noise reduction and targeted exploration in imitation learning for      Abstract Meaning Representation parsing    ",
  booktitle = 	    "Proceedings of the 54th Annual Meeting of the Association for      Computational Linguistics (Volume 1: Long Papers)    ",
  year =    "2016",
  publisher =	"Association for Computational Linguistics",
  pages =   "1--11",
  location =	"Berlin, Germany",
  doi =    "10.18653/v1/P16-1001",
  url =    "http://aclweb.org/anthology/P16-1001"
}

@inproceedings{khot2018scitail,
  title={Scitail: A textual entailment dataset from science question answering},
  author={Khot, Tushar and Sabharwal, Ashish and Clark, Peter},
  booktitle={Thirty-Second AAAI Conference on Artificial Intelligence},
  year={2018}
}
@InProceedings{C14-1001,
  author =	"Harper, Mary",
  title = 	"Learning from 26 Languages: Program Management and Science in the Babel Program",
  booktitle = 	"Proceedings of COLING 2014, the 25th International Conference on Computational Linguistics: Technical Papers",
  year =    "2014",
  publisher =	"Dublin City University and Association for Computational Linguistics",
  pages =   "1",
  location =	"Dublin, Ireland",
  url =    "http://aclweb.org/anthology/C14-1001"
}
@inproceedings{ciaramita2003supersense,
  title={Supersense tagging of unknown nouns in WordNet},
  author={Ciaramita, Massimiliano and Johnson, Mark},
  booktitle={Proceedings of the 2003 conference on Empirical methods in natural language processing},
  pages={168--175},
  year={2003},
  organization={Association for Computational Linguistics}
}
@article{parikh2016decomposable,
  title={A decomposable attention model for natural language inference},
  author={Parikh, Ankur P and T{\"a}ckstr{\"o}m, Oscar and Das, Dipanjan and Uszkoreit, Jakob},
  journal={arXiv preprint arXiv:1606.01933},
  year={2016}
}
@article{thorne2018fever,
  title={FEVER: a large-scale dataset for Fact Extraction and VERification},
  author={Thorne, James and Vlachos, Andreas and Christodoulopoulos, Christos and Mittal, Arpit},
  journal={arXiv preprint arXiv:1803.05355},
  year={2018}
}

@inproceedings{manning2014stanford,
title={The Stanford CoreNLP natural language processing toolkit},
author={Manning, Christopher and Surdeanu, Mihai and Bauer, John and Finkel, Jenny and Bethard, Steven and McClosky, David},
  booktitle={Proceedings of 52nd annual meeting of the association for computational linguistics: system demonstrations},
  pages={55--60},
  year={2014}
}
@article{riedel2017simple,
  title={A simple but tough-to-beat baseline for the Fake News Challenge stance detection task},
  author={Riedel, Benjamin and Augenstein, Isabelle and Spithourakis, Georgios P and Riedel, Sebastian},
  journal={arXiv preprint arXiv:1707.03264},
  year={2017}
}

@article{dagan2013recognizing,
  title={Recognizing textual entailment: Models and applications},
  author={Dagan, Ido and Roth, Dan and Sammons, Mark and Zanzotto, Fabio Massimo},
  journal={Synthesis Lectures on Human Language Technologies},
  volume={6},
  number={4},
  pages={1--220},
  year={2013},
  publisher={Morgan \& Claypool Publishers}
}

@misc{pomerleau2017fake,
  title={Fake news challenge},
  author={Pomerleau, Dean and Rao, Delip},
  year={2017}
}

@article{miller1990introduction,
  title={Introduction to WordNet: An on-line lexical database},
  author={Miller, George A and Beckwith, Richard and Fellbaum, Christiane and Gross, Derek and Miller, Katherine J},
  journal={International journal of lexicography},
  volume={3},
  number={4},
  pages={235--244},
  year={1990},
  publisher={Oxford University Press}
}

@article{miller1995wordnet,
  title={WordNet: a lexical database for English},
  author={Miller, George A},
  journal={Communications of the ACM},
  volume={38},
  number={11},
  pages={39--41},
  year={1995},
  publisher={ACM}
}

@article{wang2017liar,
  title={" liar, liar pants on fire": A new benchmark dataset for fake news detection},
  author={Wang, William Yang},
  journal={arXiv preprint arXiv:1705.00648},
  year={2017}
}
@article{huang2015bidirectional,
  title={Bidirectional LSTM-CRF models for sequence tagging},
  author={Huang, Zhiheng and Xu, Wei and Yu, Kai},
  journal={arXiv preprint arXiv:1508.01991},
  year={2015}
}

@article{suykens1999least,
  title={Least squares support vector machine classifiers},
  author={Suykens, Johan AK and Vandewalle, Joos},
  journal={Neural processing letters},
  volume={9},
  number={3},
  pages={293--300},
  year={1999},
  publisher={Springer}
}

@article{baird2017talos,
  title={Talos targets disinformation with fake news challenge victory},
  author={Baird, Sean and Sibley, Doug and Pan, Yuxi},
  journal={Fake News Challenge},
  year={2017}
}
@article{hearst1998support,
  title={Support vector machines},
  author={Hearst, Marti A. and Dumais, Susan T and Osuna, Edgar and Platt, John and Scholkopf, Bernhard},
  journal={IEEE Intelligent Systems and their applications},
  volume={13},
  number={4},
  pages={18--28},
  year={1998},
  publisher={IEEE}
}
@article{cho2014properties,
  title={On the properties of neural machine translation: Encoder-decoder approaches},
  author={Cho, Kyunghyun and Van Merri{\"e}nboer, Bart and Bahdanau, Dzmitry and Bengio, Yoshua},
  journal={arXiv preprint arXiv:1409.1259},
  year={2014}
}
@article{hochreiter1997long,
  title={Long short-term memory},
  author={Hochreiter, Sepp and Schmidhuber, J{\"u}rgen},
  journal={Neural computation},
  volume={9},
  number={8},
  pages={1735--1780},
  year={1997},
  publisher={MIT Press}
}
@article{peters2018deep,
  title={Deep contextualized word representations},
  author={Peters, Matthew E and Neumann, Mark and Iyyer, Mohit and Gardner, Matt and Clark, Christopher and Lee, Kenton and Zettlemoyer, Luke},
  journal={arXiv preprint arXiv:1802.05365},
  year={2018}
}
@article{gardner2018allennlp,
  title={AllenNLP: A deep semantic natural language processing platform},
  author={Gardner, Matt and Grus, Joel and Neumann, Mark and Tafjord, Oyvind and Dasigi, Pradeep and Liu, Nelson and Peters, Matthew and Schmitz, Michael and Zettlemoyer, Luke},
  journal={arXiv preprint arXiv:1803.07640},
  year={2018}
}

@inproceedings{pennington2014glove,
title={Glove: Global vectors for word representation},
author={Pennington, Jeffrey and Socher, Richard and Manning, Christopher},
booktitle={Proceedings of the 2014 conference on empirical methods in natural language processing (EMNLP)},
pages={1532--1543},
year={2014}
}
@article{sun2018improving,
  title={Improving machine reading comprehension with general reading strategies},
  author={Sun, Kai and Yu, Dian and Yu, Dong and Cardie, Claire},
  journal={arXiv preprint arXiv:1810.13441},
  year={2018}
}
@article{bohnet2018morphosyntactic,
  title={Morphosyntactic tagging with a meta-bilstm model over context sensitive token encodings},
  author={Bohnet, Bernd and McDonald, Ryan and Simoes, Goncalo and Andor, Daniel and Pitler, Emily and Maynez, Joshua},
  journal={arXiv preprint arXiv:1805.08237},
  year={2018}
}
@article{devlin2018bert,
  title={Bert: Pre-training of deep bidirectional transformers for language understanding},
  author={Devlin, Jacob and Chang, Ming-Wei and Lee, Kenton and Toutanova, Kristina},
  journal={arXiv preprint arXiv:1810.04805},
  year={2018}
}

@article{kim2018semantic,
  title={Semantic sentence matching with densely-connected recurrent and co-attentive information},
  author={Kim, Seonhoon and Hong, Jin-Hyuk and Kang, Inho and Kwak, Nojun},
  journal={arXiv preprint arXiv:1805.11360},
  year={2018}
}

@article{nie2018combining,
  title={Combining Fact Extraction and Verification with Neural Semantic Matching Networks},
  author={Nie, Yixin and Chen, Haonan and Bansal, Mohit},
  journal={arXiv preprint arXiv:1811.07039},
  year={2018}
}
@book{bird2009natural,
  title={Natural language processing with Python: analyzing text with the natural language toolkit},
  author={Bird, Steven and Klein, Ewan and Loper, Edward},
  year={2009},
  publisher={" O'Reilly Media, Inc."}
}

@article{chen2017reading,
  title={Reading wikipedia to answer open-domain questions},
  author={Chen, Danqi and Fisch, Adam and Weston, Jason and Bordes, Antoine},
  journal={arXiv preprint arXiv:1704.00051},
  year={2017}
}

@inproceedings{bird2004nltk,
  title={NLTK: the natural language toolkit},
  author={Bird, Steven and Loper, Edward},
  booktitle={Proceedings of the ACL 2004 on Interactive poster and demonstration sessions},
  pages={31},
  year={2004},
  organization={Association for Computational Linguistics}
}
@article{bowman2015large,
  title={A large annotated corpus for learning natural language inference},
  author={Bowman, Samuel R and Angeli, Gabor and Potts, Christopher and Manning, Christopher D},
  journal={arXiv preprint arXiv:1508.05326},
  year={2015}
}


@article{bahdanau2014neural,
  title={Neural machine translation by jointly learning to align and translate},
  author={Bahdanau, Dzmitry and Cho, Kyunghyun and Bengio, Yoshua},
  journal={arXiv preprint arXiv:1409.0473},
  year={2014}
}
@inproceedings{zeman2008cross,
title={Cross-language parser adaptation between related languages},
  author={Zeman, Daniel and Resnik, Philip},
  booktitle={Proceedings of the IJCNLP-08 Workshop on NLP for Less Privileged Languages},
  year={2008}
}

@inproceedings{ling2012fine,
  title={Fine-grained entity recognition},
  author={Ling, Xiao and Weld, Daniel S},
  booktitle={Twenty-Sixth AAAI Conference on Artificial Intelligence},
  year={2012}
}


@article{hinton2015distilling,
  title={Distilling the knowledge in a neural network},
  author={Hinton, Geoffrey and Vinyals, Oriol and Dean, Jeff},
  journal={arXiv preprint arXiv:1503.02531},
  year={2015}
}
@inproceedings{bucilua2006model,
  title={Model compression},
  author={Bucilua, Cristian and Caruana, Rich and Niculescu-Mizil, Alexandru},
  booktitle={Proceedings of the 12th ACM SIGKDD international conference on Knowledge discovery and data mining},
  pages={535--541},
  year={2006}
}
@misc{libowen2121,
  author = {libowen2121},
  title = {SNLI-decomposable-attention},
  year = {2018},
  publisher = {GitHub},
  journal = {GitHub repository},
  howpublished = {\url{https://github.com/libowen2121/SNLI-decomposable-attention}}
}
@inproceedings{schuster-etal-2019-towards,
    title = "Towards Debiasing Fact Verification Models",
    author = "Schuster, Tal  and
      Shah, Darsh  and
      Yeo, Yun Jie Serene  and
      Roberto Filizzola Ortiz, Daniel  and
      Santus, Enrico  and
      Barzilay, Regina",
    booktitle = "Proceedings of the 2019 Conference on Empirical Methods in Natural Language Processing and the 9th International Joint Conference on Natural Language Processing (EMNLP-IJCNLP)",
    month = nov,
    year = "2019",
    address = "Hong Kong, China",
    publisher = "Association for Computational Linguistics",
    url = "https://www.aclweb.org/anthology/D19-1341",
    doi = "10.18653/v1/D19-1341",
    pages = "3419--3425",
}
@inproceedings{poliak-etal-2018-hypothesis,
    title = "Hypothesis Only Baselines in Natural Language Inference",
    author = "Poliak, Adam  and
      Naradowsky, Jason  and
      Haldar, Aparajita  and
      Rudinger, Rachel  and
      Van Durme, Benjamin",
    booktitle = "Proceedings of the Seventh Joint Conference on Lexical and Computational Semantics",
    month = jun,
    year = "2018",
    address = "New Orleans, Louisiana",
    publisher = "Association for Computational Linguistics",
    url = "https://www.aclweb.org/anthology/S18-2023",
    doi = "10.18653/v1/S18-2023",
    pages = "180--191",
}
@article{wolf2019huggingface,
  title={HuggingFace's Transformers: State-of-the-art Natural Language Processing},
  author={Wolf, Thomas and Debut, Lysandre and Sanh, Victor and Chaumond, Julien and Delangue, Clement and Moi, Anthony and Cistac, Pierric and Rault, Tim and Louf, R{\'e}mi and Funtowicz, Morgan and others},
  journal={ArXiv},
  pages={arXiv--1910},
  year={2019}
}
@inproceedings{panenghat2020towards,
  title={Towards the Necessity for Debiasing Natural Language Inference Datasets},
  author={Panenghat, Mithun Paul and Suntwal, Sandeep and Rafique, Faiz and Sharp, Rebecca and Surdeanu, Mihai},
  booktitle={Proceedings of The 12th Language Resources and Evaluation Conference},
  pages={6883--6888},
  year={2020}
}
@inproceedings{tarvainen2017mean,
  title={Mean teachers are better role models: Weight-averaged consistency targets improve semi-supervised deep learning results},
  author={Tarvainen, Antti and Valpola, Harri},
  booktitle={Advances in neural information processing systems},
  pages={1195--1204},
  year={2017}
}
@article{sajjadi2016regularization,
  title={Regularization with stochastic transformations and perturbations for deep semi-supervised learning},
  author={Sajjadi, Mehdi and Javanmardi, Mehran and Tasdizen, Tolga},
  journal={Advances in neural information processing systems},
  volume={29},
  pages={1163--1171},
  year={2016}
}
@article{laine2016temporal,
  title={Temporal ensembling for semi-supervised learning},
  author={Laine, Samuli and Aila, Timo},
  journal={arXiv preprint arXiv:1610.02242},
  year={2016}
}
@article{rusu2018meta,
  title={Meta-learning with latent embedding optimization},
  author={Rusu, Andrei A and Rao, Dushyant and Sygnowski, Jakub and Vinyals, Oriol and Pascanu, Razvan and Osindero, Simon and Hadsell, Raia},
  journal={arXiv preprint arXiv:1807.05960},
  year={2018}
}
@inproceedings{vaswani2017attention,
  title={Attention is all you need},
  author={Vaswani, Ashish and Shazeer, Noam and Parmar, Niki and Uszkoreit, Jakob and Jones, Llion and Gomez, Aidan N and Kaiser, {\L}ukasz and Polosukhin, Illia},
  booktitle={Advances in neural information processing systems},
  pages={5998--6008},
  year={2017}
}
@article{thorne2020avoiding,
  title={Avoiding catastrophic forgetting in mitigating model biases in sentence-pair classification with elastic weight consolidation},
  author={Thorne, James and Vlachos, Andreas},
  journal={arXiv preprint arXiv:2004.14366},
  year={2020}
}

@article{jhamtani2020learning,
  title={Learning to Explain: Datasets and Models for Identifying Valid Reasoning Chains in Multihop Question-Answering},
  author={Jhamtani, Harsh and Clark, Peter},
  journal={arXiv preprint arXiv:2010.03274},
  year={2020}
}
inproceedings{nie2019combining,
  title={Combining fact extraction and verification with neural semantic matching networks},
  author={Nie, Yixin and Chen, Haonan and Bansal, Mohit},
  booktitle={Proceedings of the AAAI Conference on Artificial Intelligence},
  volume={33},
  pages={6859--6866},
  year={2019}
}

@inproceedings{liu-etal-2020-microsoft,
    title = "The {M}icrosoft Toolkit of Multi-Task Deep Neural Networks for Natural Language Understanding",
    author = "Liu, Xiaodong  and
      Wang, Yu  and
      Ji, Jianshu  and
      Cheng, Hao  and
      Zhu, Xueyun  and
      Awa, Emmanuel  and
      He, Pengcheng  and
      Chen, Weizhu  and
      Poon, Hoifung  and
      Cao, Guihong  and
      Gao, Jianfeng",
    booktitle = "Proceedings of the 58th Annual Meeting of the Association for Computational Linguistics: System Demonstrations",
    month = jul,
    year = "2020",
    address = "Online",
    publisher = "Association for Computational Linguistics",
    url = "https://www.aclweb.org/anthology/2020.acl-demos.16",
    doi = "10.18653/v1/2020.acl-demos.16",
    pages = "118--126",
}
@article{mishra2017simple,
  title={A simple neural attentive meta-learner},
  author={Mishra, Nikhil and Rohaninejad, Mostafa and Chen, Xi and Abbeel, Pieter},
  journal={arXiv preprint arXiv:1707.03141},
  year={2017}
}
@inproceedings{long2015learning,
  title={Learning transferable features with deep adaptation networks},
  author={Long, Mingsheng and Cao, Yue and Wang, Jianmin and Jordan, Michael},
  booktitle={International conference on machine learning},
  pages={97--105},
  year={2015},
  organization={PMLR}
}
@inproceedings{yosinski2014transferable,
  title={How transferable are features in deep neural networks?},
  author={Yosinski, Jason and Clune, Jeff and Bengio, Yoshua and Lipson, Hod},
  booktitle={Advances in neural information processing systems},
  pages={3320--3328},
  year={2014}
}

@inproceedings{suntwal-etal-2019-importance,
    title = "On the Importance of Delexicalization for Fact Verification",
    author = "Suntwal, Sandeep  and Paul, Mithun  and  Sharp, Rebecca  and   Surdeanu, Mihai",
    booktitle = "Proceedings of the 2019 Conference on Empirical Methods in Natural Language Processing and the 9th International Joint Conference on Natural Language Processing (EMNLP-IJCNLP)",
    year = "2019",
    address = "Hong Kong, China",
    publisher = "Association for Computational Linguistics",
    url = "https://www.aclweb.org/anthology/D19-1340",
    doi = "10.18653/v1/D19-1340",
    pages = "3413--3418"
}

@inproceedings{karimi-mahabadi-etal-2020-end,
    title = "End-to-End Bias Mitigation by Modelling Biases in Corpora",
    author = "Karimi Mahabadi, Rabeeh  and
      Belinkov, Yonatan  and
      Henderson, James",
    booktitle = "Proceedings of the 58th Annual Meeting of the Association for Computational Linguistics",
    month = jul,
    year = "2020",
    address = "Online",
    publisher = "Association for Computational Linguistics",
    url = "https://www.aclweb.org/anthology/2020.acl-main.769",
    doi = "10.18653/v1/2020.acl-main.769",
    pages = "8706--8716",
}


@inproceedings{gururangan-etal-2018-annotation,
    title = "Annotation Artifacts in Natural Language Inference Data",
    author = "Gururangan, Suchin  and
      Swayamdipta, Swabha  and
      Levy, Omer  and
      Schwartz, Roy  and
      Bowman, Samuel  and
      Smith, Noah A.",
    booktitle = "Proceedings of the 2018 Conference of the North {A}merican Chapter of the Association for Computational Linguistics: Human Language Technologies, Volume 2 (Short Papers)",
    month = jun,
    year = "2018",
    address = "New Orleans, Louisiana",
    publisher = "Association for Computational Linguistics",
    url = "https://www.aclweb.org/anthology/N18-2017",
    doi = "10.18653/v1/N18-2017",
    pages = "107--112",
}


@inproceedings{nie-etal-2020-simple,
    title = "Simple Compounded-Label Training for Fact Extraction and Verification",
    author = "Nie, Yixin  and
      Bauer, Lisa  and
      Bansal, Mohit",
    booktitle = "Proceedings of the Third Workshop on Fact Extraction and VERification (FEVER)",
    month = jul,
    year = "2020",
    address = "Online",
    publisher = "Association for Computational Linguistics",
    url = "https://www.aclweb.org/anthology/2020.fever-1.1",
    doi = "10.18653/v1/2020.fever-1.1",
    pages = "1--7",
}

@inproceedings{parikh-etal-2016-decomposable,
    title = "A Decomposable Attention Model for Natural Language Inference",
    author = {Parikh, Ankur  and
      T{\"a}ckstr{\"o}m, Oscar  and
      Das, Dipanjan  and
      Uszkoreit, Jakob},
    booktitle = "Proceedings of the 2016 Conference on Empirical Methods in Natural Language Processing",
    month = nov,
    year = "2016",
    address = "Austin, Texas",
    publisher = "Association for Computational Linguistics",
    url = "https://www.aclweb.org/anthology/D16-1244",
    doi = "10.18653/v1/D16-1244",
    pages = "2249--2255",
}

@inproceedings{devlin-etal-2019-bert,
    title = "{BERT}: Pre-training of Deep Bidirectional Transformers for Language Understanding",
    author = "Devlin, Jacob  and
      Chang, Ming-Wei  and
      Lee, Kenton  and
      Toutanova, Kristina",
    booktitle = "Proceedings of the 2019 Conference of the North {A}merican Chapter of the Association for Computational Linguistics: Human Language Technologies, Volume 1 (Long and Short Papers)",
    month = jun,
    year = "2019",
    address = "Minneapolis, Minnesota",
    publisher = "Association for Computational Linguistics",
    url = "https://www.aclweb.org/anthology/N19-1423",
    doi = "10.18653/v1/N19-1423",
    pages = "4171--4186",
}


@inproceedings{thorne-etal-2018-fact,
    title = "The Fact Extraction and {VER}ification ({FEVER}) Shared Task",
    author = "Thorne, James  and
      Vlachos, Andreas  and
      Cocarascu, Oana  and
      Christodoulopoulos, Christos  and
      Mittal, Arpit",
    booktitle = "Proceedings of the First Workshop on Fact Extraction and {VER}ification ({FEVER})",
    month = nov,
    year = "2018",
    address = "Brussels, Belgium",
    publisher = "Association for Computational Linguistics",
    url = "https://www.aclweb.org/anthology/W18-5501",
    doi = "10.18653/v1/W18-5501",
    pages = "1--9",
}


@book{Aho:72,
    author  = {Alfred V. Aho and Jeffrey D. Ullman},
    title   = {The Theory of Parsing, Translation and Compiling},
    year    = "1972",
    volume  = "1",
    publisher = {Prentice-Hall},
    address = {Englewood Cliffs, NJ}
}

@book{kovach2011blur,
  title={Blur: How to know what's true in the age of information overload},
  author={Kovach, Bill and Rosenstiel, Tom},
  year={2011},
  publisher={Bloomsbury Publishing USA}
}

@inproceedings{bucilua2006model,
  title={Model compression},
  author={Bucilua, Cristian and Caruana, Rich and Niculescu-Mizil, Alexandru},
  booktitle={Proceedings of the 12th ACM SIGKDD international conference on Knowledge discovery and data mining},
  pages={535--541},
  year={2006}
}
@misc{libowen2121,
  author = {libowen2121},
  title = {SNLI-decomposable-attention},
  year = {2018},
  publisher = {GitHub},
  journal = {GitHub repository},
  howpublished = {\url{https://github.com/libowen2121/SNLI-decomposable-attention}}
}

@article{rusu2018meta,
  title={Meta-learning with latent embedding optimization},
  author={Rusu, Andrei A and Rao, Dushyant and Sygnowski, Jakub and Vinyals, Oriol and Pascanu, Razvan and Osindero, Simon and Hadsell, Raia},
  journal={arXiv preprint arXiv:1807.05960},
  year={2018}
}

@article{turc2019well,
  title={Well-read students learn better: On the importance of pre-training compact models},
  author={Turc, Iulia and Chang, Ming-Wei and Lee, Kenton and Toutanova, Kristina},
  journal={arXiv preprint arXiv:1908.08962},
  year={2019}
}
@article{jhamtani2020learning,
  title={Learning to Explain: Datasets and Models for Identifying Valid Reasoning Chains in Multihop Question-Answering},
  author={Jhamtani, Harsh and Clark, Peter},
  journal={arXiv preprint arXiv:2010.03274},
  year={2020}
}
inproceedings{nie2019combining,
  title={Combining fact extraction and verification with neural semantic matching networks},
  author={Nie, Yixin and Chen, Haonan and Bansal, Mohit},
  booktitle={Proceedings of the AAAI Conference on Artificial Intelligence},
  volume={33},
  pages={6859--6866},
  year={2019}
}

@article{mishra2017simple,
  title={A simple neural attentive meta-learner},
  author={Mishra, Nikhil and Rohaninejad, Mostafa and Chen, Xi and Abbeel, Pieter},
  journal={arXiv preprint arXiv:1707.03141},
  year={2017}
}
@inproceedings{long2015learning,
  title={Learning transferable features with deep adaptation networks},
  author={Long, Mingsheng and Cao, Yue and Wang, Jianmin and Jordan, Michael},
  booktitle={International conference on machine learning},
  pages={97--105},
  year={2015},
  organization={PMLR}
}
@inproceedings{yosinski2014transferable,
  title={How transferable are features in deep neural networks?},
  author={Yosinski, Jason and Clune, Jeff and Bengio, Yoshua and Lipson, Hod},
  booktitle={Advances in neural information processing systems},
  pages={3320--3328},
  year={2014}
}


@inproceedings{parikh-etal-2016-decomposable,
    title = "A Decomposable Attention Model for Natural Language Inference",
    author = {Parikh, Ankur  and
      T{\"a}ckstr{\"o}m, Oscar  and
      Das, Dipanjan  and
      Uszkoreit, Jakob},
    booktitle = "Proceedings of the 2016 Conference on Empirical Methods in Natural Language Processing",
    month = nov,
    year = "2016",
    address = "Austin, Texas",
    publisher = "Association for Computational Linguistics",
    url = "https://www.aclweb.org/anthology/D16-1244",
    doi = "10.18653/v1/D16-1244",
    pages = "2249--2255",
}

@book{APA:83,
    author  = {{American Psychological Association}},
    title   = {Publications Manual},
    year    = "1983",
   publisher = {American Psychological Association},
   address = {Washington, DC}
}

@article{Chandra:81,
	author = {Ashok K. Chandra and Dexter C. Kozen and Larry J. Stockmeyer},
	year = "1981",
	title = {Alternation},
	journal = {Journal of the Association for Computing Machinery},
	volume = "28",
	number = "1",
	pages = "114--133",
	doi = "10.1145/322234.322243",
}

@inproceedings{andrew2007scalable,
  title={Scalable training of {L1}-regularized log-linear models},
  author={Andrew, Galen and Gao, Jianfeng},
  booktitle={Proceedings of the 24th International Conference on Machine Learning},
  pages={33--40},
  year={2007},
}

@book{Gusfield:97,
    author  = {Dan Gusfield},
    title   = {Algorithms on Strings, Trees and Sequences},
    year    = "1997",
    publisher = {Cambridge University Press},
    address = {Cambridge, UK}
}

@article{rasooli-tetrault-2015,
    author    = {Mohammad Sadegh Rasooli and Joel R. Tetreault},
    title     = {Yara Parser: {A} Fast and Accurate Dependency Parser},
    journal   = {Computing Research Repository},
    volume    = {arXiv:1503.06733},
    year      = {2015},
    url       = {http://arxiv.org/abs/1503.06733},
    note    = {version 2}
}

@article{Ando2005,
	Acmid = {1194905},
	Author = {Ando, Rie Kubota and Zhang, Tong},
	Issn = {1532-4435},
	Issue_Date = {12/1/2005},
	Journal = {Journal of Machine Learning Research},
	Month = dec,
	Numpages = {37},
	Pages = {1817--1853},
	Publisher = {JMLR.org},
	Title = {A Framework for Learning Predictive Structures from Multiple Tasks and Unlabeled Data},
	Volume = {6},
	Year = {2005}}

@article{vosoughi2018spread,
  title={The spread of true and false news online},
  author={Vosoughi, Soroush and Roy, Deb and Aral, Sinan},
  journal={Science},
  volume={359},
  number={6380},
  pages={1146--1151},
  year={2018},
  publisher={American Association for the Advancement of Science}
}
@book{kovach2014elements,
  title={The elements of journalism: What newspeople should know and the public should expect},
  author={Kovach, Bill and Rosenstiel, Tom},
  year={2014},
  publisher={Three Rivers Press (CA)}
}




@article{williams2017broad,
  title={A broad-coverage challenge corpus for sentence understanding through inference},
  author={Williams, Adina and Nangia, Nikita and Bowman, Samuel R},
  journal={arXiv preprint arXiv:1704.05426},
  year={2017}
}


@inproceedings{yadav2019alignment,
  title={Alignment over Heterogeneous Embeddings for Question Answering},
  author={Yadav, Vikas and Bethard, Steven and Surdeanu, Mihai},
  booktitle={Proceedings of the 2019 Conference of the North American Chapter of the Association for Computational Linguistics: Human Language Technologies, Volume 1 (Long and Short Papers)},
  pages={2681--2691},
  year={2019}
}

@inproceedings{grishman1996message,
  title={Message understanding conference-6: A brief history},
  author={Grishman, Ralph and Sundheim, Beth},
  booktitle={COLING 1996 Volume 1: The 16th International Conference on Computational Linguistics},
  year={1996}
}




@inproceedings{bucilua2006model,
  title={Model compression},
  author={Buciluǎ, Cristian and Caruana, Rich and Niculescu-Mizil, Alexandru},
  booktitle={Proceedings of the 12th ACM SIGKDD international conference on Knowledge discovery and data mining},
  pages={535--541},
  year={2006},
  organization={ACM}
}
@inproceedings{peyrard2019simple,
  title={A simple theoretical model of importance for summarization},
  author={Peyrard, Maxime},
  booktitle={Proceedings of the 57th Annual Meeting of the Association for Computational Linguistics},
  pages={1059--1073},
  year={2019}
  }
  @article{romanov2018lessons,
  title={Lessons from natural language inference in the clinical domain},
  author={Romanov, Alexey and Shivade, Chaitanya},
  journal={arXiv preprint arXiv:1808.06752},
  year={2018}
}
@inproceedings{fyodorov2000natural,
  title={A natural logic inference system},
  author={Fyodorov, Yaroslav and Winter, Yoad and Francez, Nissim},
  booktitle={Proceedings of the 2nd Workshop on Inference in Computational Semantics (ICoS-2)},
  year={2000},
  organization={Citeseer}
}
@inproceedings{emnlp2019sandeep,
    title = "On the Importance of Delexicalization for Fact Verification",
    author = " Suntwal,Sandeep and Paul,Mithun and Sharp,Rebecca and Surdeanu,Mihai",
    booktitle = "Proceedings of the 2019 Conference on Empirical Methods in Natural Language Processing and the 9th International Joint Conference on Natural Language Processing, (Short Papers)",
    month = "November",
    year = "2019",
    address = "Hong Kong",
    publisher = "Association for Computational Linguistics",
    url="http://clulab.cs.arizona.edu/papers/emnlp_2019_masking_suntwal_etal.pdf",
    url_Slides="http://clulab.cs.arizona.edu/papers/emnlp_2019_masking_suntwal_etal-slides.pptx"
}
@inproceedings{condoravdi2003entailment,
  title={Entailment, intensionality and text understanding},
  author={Condoravdi, Cleo and Crouch, Dick and De Paiva, Valeria and Stolle, Reinhard and Bobrow, Daniel G},
  booktitle={Proceedings of the HLT-NAACL 2003 workshop on Text meaning},
  pages={38--45},
  year={2003}
}
@inproceedings{maccartney2009extended,
  title={An extended model of natural logic},
  author={MacCartney, Bill and Manning, Christopher D},
  booktitle={Proceedings of the eighth international conference on computational semantics},
  pages={140--156},
  year={2009},
  organization={Association for Computational Linguistics}
}
@inproceedings{bos2005recognising,
  title={Recognising textual entailment with logical inference},
  author={Bos, Johan and Markert, Katja},
  booktitle={Proceedings of the conference on Human Language Technology and Empirical Methods in Natural Language Processing},
  pages={628--635},
  year={2005},
  organization={Association for Computational Linguistics}
}
@article{schuster2019towards,
  title={Towards debiasing fact verification models},
  author={Schuster, Tal and Shah, Darsh J and Yeo, Yun Jie Serene and Filizzola, Daniel and Santus, Enrico and Barzilay, Regina},
  journal={arXiv preprint arXiv:1908.05267},
  year={2019}
}
@article{gururangan2018annotation,
  title={Annotation artifacts in natural language inference data},
  author={Gururangan, Suchin and Swayamdipta, Swabha and Levy, Omer and Schwartz, Roy and Bowman, Samuel R and Smith, Noah A},
  journal={arXiv preprint arXiv:1803.02324},
  year={2018}
}
@article{poliak2018hypothesis,
  title={Hypothesis only baselines in natural language inference},
  author={Poliak, Adam and Naradowsky, Jason and Haldar, Aparajita and Rudinger, Rachel and Van Durme, Benjamin},
  journal={arXiv preprint arXiv:1805.01042},
  year={2018}
}

 @Inproceedings{Martin-90,
  author = 	 "Jannik Strötgen and Michael Gertz",
  title = 	 "Temporal Tagging on Different Domains: Challenges, Strategies, and Gold Standards",
  booktitle = "Proceedings of the Eight International Conference on Language Resources and Evaluation (LREC'12)",
  year = 	 "2012",
  month = 	 "may",
  date =     "23-25",
  pages = 	 "3746--3753",
  address =  "Istanbul, Turkey",
  editor = 	 "Nicoletta Calzolari (Conference Chair) and Khalid Choukri and Thierry Declerck and Mehmet U\v{g}ur Do\v{g}an and Bente Maegaard and Joseph Mariani and Asuncion Moreno and Jan Odijk and Stelios Piperidis",
  publisher = "European Language Resource Association  (ELRA)",
  isbn = "978-2-9517408-7-7",
}

@Book{Chercheur-94,
  title =        "Case-Based Reasoning",
  author =       "J.L. Chercheur",
  publisher =    "Morgan Kaufman Publishers",
  year =         "1994",
  edition =      "2nd",
  address =      "San Mateo, CA",
}

@Article{CastorPollux-92,
  author =       "A. Castor and L. E. Pollux",
  title =        "The use of user modelling to guide inference and learning",
  journal =      "Applied Intelligence",
  volume =       "2(1)",
  pages =        "37--53",
  year =         "1992",
}

@Phdthesis{Zavatta-92,
  author =       "A. Zavatta",
  year =         "1992",
  title =        "Un Générateur d'Insultes s'intégrant dans un Système de Dialogue Humain-Machine.",
  school =       "Université Paris-sud, Centre d'Orsay",
  type =         "Thèse de Doctorat en Informatique",
}

@Inbook{Grandchercheur-83,
  author =       "L. B. Grandchercheur",
  title =        "Vers une modélisation cognitive de l'être et du néant",
  booktitle =    "Fondement des Sciences Cognitives",
  publisher =    "Lawrence Erlbaum Associates",
  year =         "1983",
  pages =        "6--38",
  address =      "Hillsdale, N.J."
}

%fictitious reference
@Book{Superman-Batman-Catwoman-Spiderman-00,
  author =       "S. Superman and B. Batman and C. Catwoman and S. Spiderman",
  title =        "Superheroes experiences with books",
  journal =      "Journal journal journal",
  year =         "2000",
  publisher =    "The Phantom Editors Associates",
  edition =      "20th",
  address =      "Gotham City",
}



%% @COMMENT{Other examples taken from the document describing BS 5605}
@Book{chicago-82,
  title =        "The {C}hicago Manual of Style",
  author =       "`Chicago'",
  year =         "1982",
  publisher =    "University of Chicago Press",
  edition =      "13th",
}

@Article{howells-66-pop,
  author =       "W. W. Howells",
  title =        "Population Distances: Biological, Linguistic,
                 Geographical and Environmental",
  journal =      "Current Anthropology",
  volume =       "7",
  pages =        "531--540",
  year =         "1966",
}

@Manual{anon-67,
  author =       "Anon.",
  title =        "Title title title title title title title title title
                 title",
  organization = "Organization organization organization",
  year =         "1967",
}

@Incollection{hanson-67,
  author =       "C. W. Hanson",
  title =        "Subject inquiries and literature searching",
  booktitle =    "Handbook of special librarianship and information
                 work",
  editor =       "W. Ashworth",
  year =         "1967",
  edition =      "3rd",
  pages =        "414--452",
}

@Inbook{wright-63,
  author =       "R. C. Wright",
  title =        "Report Literature",
  booktitle =    "Special Materials in the Library",
  editor =       "J. Burkett and T. S. Morgan",
  year =         "1963",
  pages =        "46--59",
}

%% @COMMENT{Some examples taken from document describing BS 1629}

@Book{hoel-71-whole,
  author =       "Paul Gerhard Hoel",
  title =        "Elementary Statistics",
  publisher =    "Wiley",
  year =         "1971",
  series =       "Wiley series in probability and mathematical
                 statistics",
  address =      "New York, Chichester",
  edition =      "3rd",
  note =         "ISBN 0~471~40300",
}

@Inbook{hoel-71-portion,
  author =       "Paul Gerhard Hoel",
  title =        "Elementary Statistics",
  publisher =    "Wiley",
  year =         "1971",
  series =       "Wiley series in probability and mathematical
                 statistics",
  address =      "New York, Chichester",
  edition =      "3rd",
  note =         "ISBN 0~471~40300",
  pages =        "19--33",
}

@Book{singer-whole,
  year =         "1954--58",
  editor =       "Charles Joseph Singer and E. J. Holmyard and A. R.
                 Hall",
  title =        "A history of technology",
  address =      "London",
  publisher =    "Oxford University Press",
  note =         "5 vol.",
}

@Incollection{singer-portion-chapter,
  title =        "The late nineteenth century",
  year =         "1954--58",
  editor =       "Charles Joseph Singer and E. J. Holmyard and A. R.
                 Hall",
  booktitle =    "A history of technology",
  address =      "London",
  publisher =    "Oxford University Press",
  type =         "Vol.",
  chapter =      "5",
}

@Inproceedings{chomsky-73,
  author =       "N. Chomsky",
  year =         "1973",
  title =        "Conditions on Transformations",
  booktitle =    "A festschrift for {Morris Halle}",
  editor =       "S. R. Anderson and P. Kiparsky",
  publisher =    "Holt, Rinehart \& Winston",
  address =      "New York",
}

@Manual{bs-2570-manual,
  author =       "BSI",
  title =        "Natural Fibre Twines",
  organization = "British Standards Institution",
  address =      "London",
  edition =      "3rd",
  year =         "1973",
  note =         "BS 2570",
}

@Techreport{bs-2570-techreport,
  author =       "BSI",
  title =        "Natural Fibre Twines",
  institution =  "British Standards Institution",
  address =      "London",
  year =         "1973",
  type =         "BS",
  number =       "2570",
  note =         "3rd. edn.",
}


@Techreport{winget-67,
  author =       "{Winget Ltd.}",
  title =        "Detachable Bulldozer Attachment for Dumper Vehicles",
  year =         "1967",
  type =         "GB Patent Specification",
  number =       "1060631",
  month =        "8~" # mar,
}
@inproceedings{hirschman1999deep,
  title={Deep read: A reading comprehension system},
  author={Hirschman, Lynette and Light, Marc and Breck, Eric and Burger, John D},
  booktitle={Proceedings of the 37th annual meeting of the Association for Computational Linguistics},
  pages={325--332},
  year={1999}
}
@article{wang2018glue,
  title={GLUE: A multi-task benchmark and analysis platform for natural language understanding},
  author={Wang, Alex and Singh, Amanpreet and Michael, Julian and Hill, Felix and Levy, Omer and Bowman, Samuel R},
  journal={arXiv preprint arXiv:1804.07461},
  year={2018}
}
@inproceedings{morgenstern2015winograd,
  title={The winograd schema challenge: Evaluating progress in commonsense reasoning},
  author={Morgenstern, Leora and Ortiz, Charles},
  booktitle={Twenty-Seventh IAAI Conference},
  year={2015}
}

@article{weston2014memory,
  title={Memory networks},
  author={Weston, Jason and Chopra, Sumit and Bordes, Antoine},
  journal={arXiv preprint arXiv:1410.3916},
  year={2014}
}
@article{weston2015towards,
  title={Towards ai-complete question answering: A set of prerequisite toy tasks},
  author={Weston, Jason and Bordes, Antoine and Chopra, Sumit and Rush, Alexander M and van Merri{\"e}nboer, Bart and Joulin, Armand and Mikolov, Tomas},
  journal={arXiv preprint arXiv:1502.05698},
  year={2015}
}
@article{henaff2016tracking,
  title={Tracking the world state with recurrent entity networks},
  author={Henaff, Mikael and Weston, Jason and Szlam, Arthur and Bordes, Antoine and LeCun, Yann},
  journal={arXiv preprint arXiv:1612.03969},
  year={2016}
}
@article{chen2018hfl,
  title={HFL-RC system at SemEval-2018 task 11: hybrid multi-aspects model for commonsense reading comprehension},
  author={Chen, Zhipeng and Cui, Yiming and Ma, Wentao and Wang, Shijin and Liu, Ting and Hu, Guoping},
  journal={arXiv preprint arXiv:1803.05655},
  year={2018}
}
@inproceedings{kim2019semantic,
  title={Semantic sentence matching with densely-connected recurrent and co-attentive information},
  author={Kim, Seonhoon and Kang, Inho and Kwak, Nojun},
  booktitle={Proceedings of the AAAI conference on artificial intelligence},
  volume={33},
  number={01},
  pages={6586--6593},
  year={2019}
}

@article{rashkin2018event2mind,
  title={Event2mind: Commonsense inference on events, intents, and reactions},
  author={Rashkin, Hannah and Sap, Maarten and Allaway, Emily and Smith, Noah A and Choi, Yejin},
  journal={arXiv preprint arXiv:1805.06939},
  year={2018}
}

@inproceedings{mostafazadeh2016corpus,
  title={A corpus and cloze evaluation for deeper understanding of commonsense stories},
  author={Mostafazadeh, Nasrin and Chambers, Nathanael and He, Xiaodong and Parikh, Devi and Batra, Dhruv and Vanderwende, Lucy and Kohli, Pushmeet and Allen, James},
  booktitle={Proceedings of the 2016 Conference of the North American Chapter of the Association for Computational Linguistics: Human Language Technologies},
  pages={839--849},
  year={2016}
}

@inproceedings{dagan2005pascal,
  title={The pascal recognising textual entailment challenge},
  author={Dagan, Ido and Glickman, Oren and Magnini, Bernardo},
  booktitle={Machine Learning Challenges Workshop},
  pages={177--190},
  year={2005},
  organization={Springer}
}

@article{mikolov2017advances,
  title={Advances in pre-training distributed word representations},
  author={Mikolov, Tomas and Grave, Edouard and Bojanowski, Piotr and Puhrsch, Christian and Joulin, Armand},
  journal={arXiv preprint arXiv:1712.09405},
  year={2017}
}

@article{zhang2017ordinal,
  title={Ordinal common-sense inference},
  author={Zhang, Sheng and Rudinger, Rachel and Duh, Kevin and Van Durme, Benjamin},
  journal={Transactions of the Association for Computational Linguistics},
  volume={5},
  pages={379--395},
  year={2017},
  publisher={MIT Press}
}
@inproceedings{tsuchida2011ikoma,
  title={IKOMA at TAC2011: A Method for Recognizing Textual Entailment using Lexical-level and Sentence Structure-level features.},
  author={Tsuchida, Masaaki and Ishikawa, Kai},
  booktitle={TAC},
  year={2011}
}
@inproceedings{habash2003catvar,
  title={CATVAR: A database of categorial variations for English},
  author={Habash, Nizar and Dorr, Bonnie},
  booktitle={Proceedings of the MT Summit},
  pages={471--474},
  year={2003},
  organization={Citeseer}
}
@inproceedings{giampiccolo2008fourth,
  title={The Fourth PASCAL Recognizing Textual Entailment Challenge.},
  author={Giampiccolo, Danilo and Dang, Hoa Trang and Magnini, Bernardo and Dagan, Ido and Cabrio, Elena and Dolan, Bill},
  booktitle={TAC},
  year={2008},
  organization={Citeseer}
}
@book{glickman2006applied,
  title={Applied textual entailment},
  author={Glickman, Oren},
  year={2006},
  publisher={Citeseer}
}
@inproceedings{lai2014illinois,
  title={Illinois-LH: A Denotational and Distributional Approach to Semantics.},
  author={Lai, Alice and Hockenmaier, Julia},
  booktitle={SemEval@ COLING},
  pages={329--334},
  year={2014}
}
@inproceedings{hickl2006recognizing,
  title={Recognizing textual entailment with LCC’s GROUNDHOG system},
  author={Hickl, Andrew and Williams, John and Bensley, Jeremy and Roberts, Kirk and Rink, Bryan and Shi, Ying},
  booktitle={Proceedings of the Second PASCAL Challenges Workshop},
  volume={18},
  year={2006}
}
@inproceedings{haim2006second,
  title={The second pascal recognising textual entailment challenge},
  author={Haim, R Bar and Dagan, Ido and Dolan, Bill and Ferro, Lisa and Giampiccolo, Danilo and Magnini, Bernardo and Szpektor, Idan},
  booktitle={Proceedings of the Second PASCAL Challenges Workshop on Recognising Textual Entailment},
  year={2006}
}
@inproceedings{giampiccolo2007third,
  title={The third pascal recognizing textual entailment challenge},
  author={Giampiccolo, Danilo and Magnini, Bernardo and Dagan, Ido and Dolan, William B},
  booktitle={Proceedings of the ACL-PASCAL workshop on textual entailment and paraphrasing},
  pages={1--9},
  year={2007}
}

@article{dagan2010recognizing,
  title={Recognizing textual entailment: Rational, evaluation and approaches--erratum},
  author={Dagan, Ido and Dolan, Bill and Magnini, Bernardo and Roth, Dan},
  journal={Natural Language Engineering},
  volume={16},
  number={1},
  pages={105--105},
  year={2010},
  publisher={Cambridge University Press}
}



@inproceedings{
bentivogli2009fifth,
  title={The Fifth PASCAL Recognizing Textual Entailment Challenge.},
  author={Bentivogli, Luisa and Clark, Peter and Dagan, Ido and Giampiccolo, Danilo},
  booktitle={TAC},
  year={2009}
}

@inproceedings{bentivogli2011seventh,
  title={The Seventh PASCAL Recognizing Textual Entailment Challenge.},
  author={Bentivogli, Luisa and Clark, Peter and Dagan, Ido and Giampiccolo, Danilo},
  booktitle={TAC},
  year={2011},
  organization={Citeseer}
}
@techreport{dzikovska2013semeval,
  title={Semeval-2013 task 7: The joint student response analysis and 8th recognizing textual entailment challenge},
  author={Dzikovska, Myroslava O and Nielsen, Rodney D and Brew, Chris and Leacock, Claudia and Giampiccolo, Danilo and Bentivogli, Luisa and Clark, Peter and Dagan, Ido and Dang, Hoa T},
  year={2013},
  institution={NORTH TEXAS STATE UNIV DENTON}
}
@inproceedings{zhang2010towards,
  title={Towards conversation entailment: An empirical investigation},
  author={Zhang, Chen and Chai, Joyce},
  booktitle={Proceedings of the 2010 Conference on Empirical Methods in Natural Language Processing},
  pages={756--766},
  year={2010}
}
@inproceedings{marelli2014sick,
  title={A SICK cure for the evaluation of compositional distributional semantic models.},
  author={Marelli, Marco and Menini, Stefano and Baroni, Marco and Bentivogli, Luisa and Bernardi, Raffaella and Zamparelli, Roberto and others},
  booktitle={Lrec},
  pages={216--223},
  year={2014},
  organization={Reykjavik}
}
@article{peirce1883theory,
  title={A theory of probable inference.},
  author={Peirce, Charles S},
  year={1883},
  publisher={Little, Brown and Co}
}
@article{davis2015commonsense,
  title={Commonsense reasoning and commonsense knowledge in artificial intelligence},
  author={Davis, Ernest and Marcus, Gary},
  journal={Communications of the ACM},
  volume={58},
  number={9},
  pages={92--103},
  year={2015},
  publisher={ACM New York, NY, USA}
}
@book{mccarthy1960programs,
  title={Programs with common sense},
  author={McCarthy, John and others},
  year={1960},
  publisher={RLE and MIT computation center}
}
@article{lakoff1970linguistics,
  title={Linguistics and natural logic},
  author={Lakoff, George},
  journal={Synthese},
  volume={22},
  number={1},
  pages={151--271},
  year={1970},
  publisher={Springer}
}
@article{zadeh1988fuzzy,
  title={Fuzzy logic},
  author={Zadeh, Lotfi A},
  journal={Computer},
  volume={21},
  number={4},
  pages={83--93},
  year={1988},
  publisher={IEEE}
}
@article{radford2018improving,
  title={Improving language understanding by generative pre-training},
  author={Radford, Alec and Narasimhan, Karthik and Salimans, Tim and Sutskever, Ilya},
  year={2018}
}
@book{moore1982role,
  title={The role of logic in knowledge representation and commonsense reasoning},
  author={Moore, Robert C},
  year={1982},
  publisher={SRI International. Artificial Intelligence Center}
}

@inproceedings{nunberg1987position,
  title={Position paper on common-sense and formal semantics},
  author={Nunberg, Geoffrey},
  booktitle={Theoretical Issues in Natural Language Processing 3},
  year={1987}
}
@article{birnbaum1991rigor,
  title={Rigor mortis: a response to Nilsson's “Logic and artificial intelligence”},
  author={Birnbaum, Lawrence},
  journal={Artificial Intelligence},
  volume={47},
  number={1-3},
  pages={57--77},
  year={1991},
  publisher={Elsevier}
}
@inproceedings{raina2005robust,
  title={Robust textual inference via learning and abductive reasoning},
  author={Raina, Rajat and Ng, Andrew Y and Manning, Christopher D},
  booktitle={AAAI},
  pages={1099--1105},
  year={2005}
}

@inproceedings{chklovski2004verbocean,
  title={Verbocean: Mining the web for fine-grained semantic verb relations},
  author={Chklovski, Timothy and Pantel, Patrick},
  booktitle={Proceedings of the 2004 Conference on Empirical Methods in Natural Language Processing},
  pages={33--40},
  year={2004}
}
@inproceedings{maccartney2007natural,
  title={Natural logic for textual inference},
  author={MacCartney, Bill and Manning, Christopher D},
  booktitle={Proceedings of the ACL-PASCAL Workshop on Textual Entailment and Paraphrasing},
  pages={193--200},
  year={2007}
}
@inproceedings{gordon2016commonsense,
  title={Commonsense interpretation of triangle behavior},
  author={Gordon, Andrew},
  booktitle={Proceedings of the AAAI Conference on Artificial Intelligence},
  volume={30},
  number={1},
  year={2016}
}
@article{kamath2018survey,
  title={A survey on semantic parsing},
  author={Kamath, Aishwarya and Das, Rajarshi},
  journal={arXiv preprint arXiv:1812.00978},
  year={2018}
}
@inproceedings{charniak2000reading,
  title={Reading comprehension programs in a statistical-language-processing class},
  author={Charniak, Eugene and Altun, Yasemin and de Salvo Braz, Rodrigo and Garrett, Benjamin and Kosmala, Margaret and Moscovich, Tomer and Pang, Lixin and Pyo, Changhee and Sun, Ye and Wy, Wei and others},
  booktitle={ANLP-NAACL 2000 Workshop: Reading Comprehension Tests as Evaluation for Computer-Based Language Understanding Systems},
  year={2000}
}
@inproceedings{ng2000machine,
  title={A machine learning approach to answering questions for reading comprehension tests},
  author={Ng, Hwee Tou and Teo, Leong Hwee and Kwan, Jennifer Lai Pheng},
  booktitle={2000 Joint SIGDAT Conference on Empirical Methods in Natural Language Processing and Very Large Corpora},
  pages={124--132},
  year={2000}
}