@book{Aho:72,
    author  = {Alfred V. Aho and Jeffrey D. Ullman},
    title   = {The Theory of Parsing, Translation and Compiling},
    year    = "1972",
    volume  = "1",
    publisher = {Prentice-Hall},
    address = {Englewood Cliffs, NJ}
}
@article{chen2016enhanced,
  title={Enhanced lstm for natural language inference},
  author={Chen, Qian and Zhu, Xiaodan and Ling, Zhenhua and Wei, Si and Jiang, Hui and Inkpen, Diana},
  journal={arXiv preprint arXiv:1609.06038},
  year={2016}
}
@book{APA:83,
    author  = {{American Psychological Association}},
    title   = {Publications Manual},
    year    = "1983",
   publisher = {American Psychological Association},
   address = {Washington, DC}
}

@article{ACM:83,
	author = {Association for Computing Machinery},
	year = "1983",
	journal = {Computing Reviews},
	volume = "24",
	number = "11",
	pages = "503--512"
}


@article{Chandra:81,
	author = {Ashok K. Chandra and Dexter C. Kozen and Larry J. Stockmeyer},
	year = "1981",
	title = {Alternation},
	journal = {Journal of the Association for Computing Machinery},
	volume = "28",
	number = "1",
	pages = "114--133",
	doi = "10.1145/322234.322243",
}

@inproceedings{andrew2007scalable,
  title={Scalable training of {L1}-regularized log-linear models},
  author={Andrew, Galen and Gao, Jianfeng},
  booktitle={Proceedings of the 24th International Conference on Machine Learning},
  pages={33--40},
  year={2007},
}

@book{Gusfield:97,
    author  = {Dan Gusfield},
    title   = {Algorithms on Strings, Trees and Sequences},
    year    = "1997",
    publisher = {Cambridge University Press},
    address = {Cambridge, UK}
}

@inproceedings{borsch2011,
	Address = {Canberra, Australia},
	Author = {Benjamin Borschinger and Mark Johnson},
	Booktitle = {Proceedings of the Australasian Language Technology Association Workshop 2011},
	Month = {December},
	Pages = {10--18},
	Title = {A Particle Filter algorithm for {B}ayesian Wordsegmentation},
	Year = {2011}}

@article{rasooli-tetrault-2015,
    author    = {Mohammad Sadegh Rasooli and Joel R. Tetreault},
    title     = {Yara Parser: {A} Fast and Accurate Dependency Parser},
    journal   = {Computing Research Repository},
    volume    = {arXiv:1503.06733},
    year      = {2015},
    url       = {http://arxiv.org/abs/1503.06733},
    note    = {version 2}
}

@article{Ando2005,
	Acmid = {1194905},
	Author = {Ando, Rie Kubota and Zhang, Tong},
	Issn = {1532-4435},
	Issue_Date = {12/1/2005},
	Journal = {Journal of Machine Learning Research},
	Month = dec,
	Numpages = {37},
	Pages = {1817--1853},
	Publisher = {JMLR.org},
	Title = {A Framework for Learning Predictive Structures from Multiple Tasks and Unlabeled Data},
	Volume = {6},
	Year = {2005}}

@InProceedings{P16-1001,
  author =	"Goodman, James
  	 and Vlachos, Andreas
	     and Naradowsky, Jason",
  title =    "Noise reduction and targeted exploration in imitation learning for      Abstract Meaning Representation parsing    ",
  booktitle = 	    "Proceedings of the 54th Annual Meeting of the Association for      Computational Linguistics (Volume 1: Long Papers)    ",
  year =    "2016",
  publisher =	"Association for Computational Linguistics",
  pages =   "1--11",
  location =	"Berlin, Germany",
  doi =    "10.18653/v1/P16-1001",
  url =    "http://aclweb.org/anthology/P16-1001"
}

@InProceedings{C14-1001,
  author =	"Harper, Mary",
  title = 	"Learning from 26 Languages: Program Management and Science in the Babel Program",
  booktitle = 	"Proceedings of COLING 2014, the 25th International Conference on Computational Linguistics: Technical Papers",
  year =    "2014",
  publisher =	"Dublin City University and Association for Computational Linguistics",
  pages =   "1",
  location =	"Dublin, Ireland",
  url =    "http://aclweb.org/anthology/C14-1001"
}
@inproceedings{ciaramita2003supersense,
  title={Supersense tagging of unknown nouns in WordNet},
  author={Ciaramita, Massimiliano and Johnson, Mark},
  booktitle={Proceedings of the 2003 conference on Empirical methods in natural language processing},
  pages={168--175},
  year={2003},
  organization={Association for Computational Linguistics}
}
@article{parikh2016decomposable,
  title={A decomposable attention model for natural language inference},
  author={Parikh, Ankur P and T{\"a}ckstr{\"o}m, Oscar and Das, Dipanjan and Uszkoreit, Jakob},
  journal={arXiv preprint arXiv:1606.01933},
  year={2016}
}
@article{thorne2018fever,
  title={FEVER: a large-scale dataset for Fact Extraction and VERification},
  author={Thorne, James and Vlachos, Andreas and Christodoulopoulos, Christos and Mittal, Arpit},
  journal={arXiv preprint arXiv:1803.05355},
  year={2018}
}

@inproceedings{manning2014stanford,
title={The Stanford CoreNLP natural language processing toolkit},
author={Manning, Christopher and Surdeanu, Mihai and Bauer, John and Finkel, Jenny and Bethard, Steven and McClosky, David},
  booktitle={Proceedings of 52nd annual meeting of the association for computational linguistics: system demonstrations},
  pages={55--60},
  year={2014}
}
@article{riedel2017simple,
  title={A simple but tough-to-beat baseline for the Fake News Challenge stance detection task},
  author={Riedel, Benjamin and Augenstein, Isabelle and Spithourakis, Georgios P and Riedel, Sebastian},
  journal={arXiv preprint arXiv:1707.03264},
  year={2017}
}

@article{dagan2013recognizing,
  title={Recognizing textual entailment: Models and applications},
  author={Dagan, Ido and Roth, Dan and Sammons, Mark and Zanzotto, Fabio Massimo},
  journal={Synthesis Lectures on Human Language Technologies},
  volume={6},
  number={4},
  pages={1--220},
  year={2013},
  publisher={Morgan \& Claypool Publishers}
}

@misc{pomerleau2017fake,
  title={Fake news challenge},
  author={Pomerleau, Dean and Rao, Delip},
  year={2017}
}

@article{miller1990introduction,
  title={Introduction to WordNet: An on-line lexical database},
  author={Miller, George A and Beckwith, Richard and Fellbaum, Christiane and Gross, Derek and Miller, Katherine J},
  journal={International journal of lexicography},
  volume={3},
  number={4},
  pages={235--244},
  year={1990},
  publisher={Oxford University Press}
}

@article{miller1995wordnet,
  title={WordNet: a lexical database for English},
  author={Miller, George A},
  journal={Communications of the ACM},
  volume={38},
  number={11},
  pages={39--41},
  year={1995},
  publisher={ACM}
}

@article{wang2017liar,
  title={" liar, liar pants on fire": A new benchmark dataset for fake news detection},
  author={Wang, William Yang},
  journal={arXiv preprint arXiv:1705.00648},
  year={2017}
}
@article{huang2015bidirectional,
  title={Bidirectional LSTM-CRF models for sequence tagging},
  author={Huang, Zhiheng and Xu, Wei and Yu, Kai},
  journal={arXiv preprint arXiv:1508.01991},
  year={2015}
}

@article{suykens1999least,
  title={Least squares support vector machine classifiers},
  author={Suykens, Johan AK and Vandewalle, Joos},
  journal={Neural processing letters},
  volume={9},
  number={3},
  pages={293--300},
  year={1999},
  publisher={Springer}
}

@article{baird2017talos,
  title={Talos targets disinformation with fake news challenge victory},
  author={Baird, Sean and Sibley, Doug and Pan, Yuxi},
  journal={Fake News Challenge},
  year={2017}
}
@article{hearst1998support,
  title={Support vector machines},
  author={Hearst, Marti A. and Dumais, Susan T and Osuna, Edgar and Platt, John and Scholkopf, Bernhard},
  journal={IEEE Intelligent Systems and their applications},
  volume={13},
  number={4},
  pages={18--28},
  year={1998},
  publisher={IEEE}
}
@article{gardner2018allennlp,
  title={AllenNLP: A deep semantic natural language processing platform},
  author={Gardner, Matt and Grus, Joel and Neumann, Mark and Tafjord, Oyvind and Dasigi, Pradeep and Liu, Nelson and Peters, Matthew and Schmitz, Michael and Zettlemoyer, Luke},
  journal={arXiv preprint arXiv:1803.07640},
  year={2018}
}

@inproceedings{pennington2014glove,
title={Glove: Global vectors for word representation},
author={Pennington, Jeffrey and Socher, Richard and Manning, Christopher},
booktitle={Proceedings of the 2014 conference on empirical methods in natural language processing (EMNLP)},
pages={1532--1543},
year={2014}
}
@article{sun2018improving,
  title={Improving machine reading comprehension with general reading strategies},
  author={Sun, Kai and Yu, Dian and Yu, Dong and Cardie, Claire},
  journal={arXiv preprint arXiv:1810.13441},
  year={2018}
}
@article{bohnet2018morphosyntactic,
  title={Morphosyntactic tagging with a meta-bilstm model over context sensitive token encodings},
  author={Bohnet, Bernd and McDonald, Ryan and Simoes, Goncalo and Andor, Daniel and Pitler, Emily and Maynez, Joshua},
  journal={arXiv preprint arXiv:1805.08237},
  year={2018}
}
@article{devlin2018bert,
  title={Bert: Pre-training of deep bidirectional transformers for language understanding},
  author={Devlin, Jacob and Chang, Ming-Wei and Lee, Kenton and Toutanova, Kristina},
  journal={arXiv preprint arXiv:1810.04805},
  year={2018}
}

@article{kim2018semantic,
  title={Semantic sentence matching with densely-connected recurrent and co-attentive information},
  author={Kim, Seonhoon and Hong, Jin-Hyuk and Kang, Inho and Kwak, Nojun},
  journal={arXiv preprint arXiv:1805.11360},
  year={2018}
}

@article{nie2018combining,
  title={Combining Fact Extraction and Verification with Neural Semantic Matching Networks},
  author={Nie, Yixin and Chen, Haonan and Bansal, Mohit},
  journal={arXiv preprint arXiv:1811.07039},
  year={2018}
}
@book{bird2009natural,
  title={Natural language processing with Python: analyzing text with the natural language toolkit},
  author={Bird, Steven and Klein, Ewan and Loper, Edward},
  year={2009},
  publisher={" O'Reilly Media, Inc."}
}

@article{chen2017reading,
  title={Reading wikipedia to answer open-domain questions},
  author={Chen, Danqi and Fisch, Adam and Weston, Jason and Bordes, Antoine},
  journal={arXiv preprint arXiv:1704.00051},
  year={2017}
}

@inproceedings{bird2004nltk,
  title={NLTK: the natural language toolkit},
  author={Bird, Steven and Loper, Edward},
  booktitle={Proceedings of the ACL 2004 on Interactive poster and demonstration sessions},
  pages={31},
  year={2004},
  organization={Association for Computational Linguistics}
}
@article{bowman2015large,
  title={A large annotated corpus for learning natural language inference},
  author={Bowman, Samuel R and Angeli, Gabor and Potts, Christopher and Manning, Christopher D},
  journal={arXiv preprint arXiv:1508.05326},
  year={2015}
}


@article{bahdanau2014neural,
  title={Neural machine translation by jointly learning to align and translate},
  author={Bahdanau, Dzmitry and Cho, Kyunghyun and Bengio, Yoshua},
  journal={arXiv preprint arXiv:1409.0473},
  year={2014}
}
@inproceedings{zeman2008cross,
title={Cross-language parser adaptation between related languages},
  author={Zeman, Daniel and Resnik, Philip},
  booktitle={Proceedings of the IJCNLP-08 Workshop on NLP for Less Privileged Languages},
  year={2008}
}

@inproceedings{ling2012fine,
  title={Fine-grained entity recognition},
  author={Ling, Xiao and Weld, Daniel S},
  booktitle={Twenty-Sixth AAAI Conference on Artificial Intelligence},
  year={2012}
}